@article{castelnovo2022clarification,
  title={A clarification of the nuances in the fairness metrics landscape},
  author={Castelnovo, Alessandro and Crupi, Riccardo and Greco, Greta and Regoli, Daniele and Penco, Ilaria Giuseppina and Cosentini, Andrea Claudio},
  journal={Scientific Reports},
  volume={12},
  number={1},
  pages={4209},
  year={2022},
  publisher={Nature Publishing Group UK London}
}

@article{mehrabi2021survey,
  title={A survey on bias and fairness in machine learning},
  author={Mehrabi, Ninareh and Morstatter, Fred and Saxena, Nripsuta and Lerman, Kristina and Galstyan, Aram},
  journal={ACM computing surveys (CSUR)},
  volume={54},
  number={6},
  pages={1--35},
  year={2021},
  publisher={ACM New York, NY, USA}
}

@data{DVN/O35FW8_2019,
author = {Bruno Castro da Silva},
publisher = {Harvard Dataverse},
title = {{UFRGS Entrance Exam and GPA Data}},
UNF = {UNF:6:+D+aq/sk1ySn13hdxDPTnA==},
year = {2019},
version = {V2},
doi = {10.7910/DVN/O35FW8},
url = {https://doi.org/10.7910/DVN/O35FW8}
}

@data{compasdata,
author = {{Broward County Clerk’s Office, Broward County Sherrif's Office, Florida Department of Corrections} and ProPublica},
publisher = {ProPublica Data Store},
title = {{COMPAS Recidivism Risk Score Data}},
year = {2024},
url = {https://www.propublica.org/datastore/dataset/compas-recidivism-risk-score-data-and-analysis}
}

@article{chouldechova2017fair,
  title={Fair prediction with disparate impact: A study of bias in recidivism prediction instruments},
  author={Chouldechova, Alexandra},
  journal={Big data},
  volume={5},
  number={2},
  pages={153--163},
  year={2017},
  publisher={Mary Ann Liebert, Inc. 140 Huguenot Street, 3rd Floor New Rochelle, NY 10801 USA}
}

@article{chouldechova2018frontiers,
  title={The frontiers of fairness in machine learning},
  author={Chouldechova, Alexandra and Roth, Aaron},
  journal={arXiv preprint arXiv:1810.08810},
  year={2018}
}

@inproceedings{agarwal2019fair,
  title={Fair regression: Quantitative definitions and reduction-based algorithms},
  author={Agarwal, Alekh and Dudík, Miroslav and Wu, Zhiwei Steven},
  booktitle={International Conference on Machine Learning},
  pages={120--129},
  year={2019},
  organization={PMLR}
}

@article{angwin2016machine,
  title={Machine bias risk assessments in criminal sentencing},
  author={Angwin, Julia and Larson, Jeff and Mattu, Surya and Kirchner, Lauren},
  journal={ProPublica, May},
  volume={23},
  year={2016}
}

@article{larson2016compas,
  title={How we analyzed the COMPAS recidivism algorithm},
  author={Larson, Jeff and Mattu, Surya and Kirchner, Lauren and Angwin, Julia},
  journal={ProPublica, May},
  volume={23},
  year={2016}
}

@misc{durahly2023fairness,
  title={A gentle introduction to ML fairness metrics},
  author={Durahly, Lior},
  year={2023},
  url = {https://superwise.ai/blog/gentle-introduction-ml-fairness-metrics/}
}

@misc{mohajon2021confmatrix,
  title={Confusion matrix for your multi-class machine learning model},
  author={Mohajon, Joydwip},
  year={2021},
  url = {https://towardsdatascience.com/confusion-matrix-for-your-multi-class-machine-learning-model-ff9aa3bf7826}
}

@misc{thomas2020housetestimony,
  title={Testimony to the House Committee on Financial Services Task Force on Artificial Intelligence Hearing: “Equitable Algorithms: Examining Ways to Reduce AI Bias in Financial Services”},
  author={Thomas, Philip},
  year={2020},
  url = {https://www.congress.gov/116/meeting/house/110499/witnesses/HHRG-116-BA00-Wstate-ThomasP-20200212.pdf}
}

@article{saeed2015evidence,
  title={Evidence based emergency medicine part 2: positive and negative predictive values of diagnostic tests},
  author={Saeed, Safari and Alireza, Baratloo and Mohamed, Elfil and Ahmed, Negida},
  year={2015}
}

@article{thomas2019preventing,
  title={Preventing undesirable behavior of intelligent machines},
  author={Thomas, Philip S and Castro da Silva, Bruno and Barto, Andrew G and Giguere, Stephen and Brun, Yuriy and Brunskill, Emma},
  journal={Science},
  volume={366},
  number={6468},
  pages={999--1004},
  year={2019},
  publisher={American Association for the Advancement of Science}
}

@article{thomas2019supplementary,
  title={Supplementary Materials for Preventing Undesirable Behavior of Intelligent Machines},
  author={Thomas, Philip S and Castro da Silva, Bruno and Barto, Andrew G and Giguere, Stephen and Brun, Yuriy and Brunskill, Emma},
  journal={Science},
  volume={366},
  number={6468},
  pages={999--1004},
  year={2019},
  publisher={American Association for the Advancement of Science}
}

@book{boyd2004convex,
  title={Convex optimization},
  author={Boyd, Stephen P and Vandenberghe, Lieven},
  year={2004},
  publisher={Cambridge university press}
}

@book{asimov1994forward,
  title={Forward the foundation},
  author={Asimov, Isaac},
  volume={7},
  year={1994},
  publisher={Spectra}
}

@misc{aisafety,
  title = {AI Safety},
  author={Thomas, Philip S},
  howpublished = {\url{https://aisafety.cs.umass.edu/index.html}},
  note = {Accessed: 2023-11-19}
}

@misc{sentencingproject,
  title={Report to the United Nations on Racial Disparities in the U.S. Criminal Justice System},
  author={The Sentencing Project,},
  year={2018},
  url = {https://www.sentencingproject.org/reports/report-to-the-united-nations-on-racial-disparities-in-the-u-s-criminal-justice-system/}
}

@article{bird2020fairlearn,
  title={Fairlearn: A toolkit for assessing and improving fairness in AI},
  author={Bird, Sarah and Dudik, Miro and Edgar, Richard and Horn, Brandon and Lutz, Roman and Milan, Vanessa and Sameki, Mehrnoosh and Wallach, Hanna and Walker, Kathleen},
  journal={Microsoft, Tech. Rep. MSR-TR-2020-32},
  year={2020}
}

@misc{o64weapons,
  title={Weapons of Math Destruction},
  author={O’Neil, Cathy},
  year={2016}
}

@article{basu2018racial,
  title={Racial/ethnic disparities in readmissions in US hospitals: the role of insurance coverage},
  author={Basu, Jayasree and Hanchate, Amresh and Bierman, Arlene},
  journal={INQUIRY: The Journal of Health Care Organization, Provision, and Financing},
  volume={55},
  pages={0046958018774180},
  year={2018},
  publisher={SAGE Publications Sage CA: Los Angeles, CA}
}

@misc{andrews_2021, 
title={How flawed data aggravates inequality in credit}, 
url={https://hai.stanford.edu/news/how-flawed-data-aggravates-inequality-credit}, 
journal={Stanford Human-Centered Artificial Intelligence}, 
author={Andrews, Edmund L}, 
year={2021}, 
month={Aug}} 

@article{o2019challenging,
  title={Challenging racist predictive policing algorithms under the equal protection clause},
  author={O'Donnell, Renata M},
  journal={NYUL Rev.},
  volume={94},
  pages={544},
  year={2019},
  publisher={HeinOnline}
}

@article{kubiak2023gender,
  title={Gender equity in hiring: examining the effectiveness of a personality-based algorithm},
  author={Kubiak, Emeric and Efremova, Maria I and Baron, Simon and Frasca, Keely J},
  journal={Frontiers in Psychology},
  volume={14},
  pages={1219865},
  year={2023},
  publisher={Frontiers}
}

@misc{frederick_2023, 
title={Supreme Court rejects use of race in college admissions process}, 
url={https://www.ncsl.org/state-legislatures-news/details/supreme-court-rejects-use-of-race-in-college-admissions-process}, 
journal={National Conference of State Legislatures}, 
publisher={National Conference of State Legislatures}, 
author={Frederick, Susan}, 
year={2023}, 
month={Jun}} 


@book{Xie2016,
  title={Bookdown: Authoring books and technical documents with R markdown},
  author={Xie, Yihui},
  year={2016},
  publisher={CRC Press}
}

@article{bellamy2019ai,
  title={AI Fairness 360: An extensible toolkit for detecting and mitigating algorithmic bias},
  author={Bellamy, Rachel KE and Dey, Kuntal and Hind, Michael and Hoffman, Samuel C and Houde, Stephanie and Kannan, Kalapriya and Lohia, Pranay and Martino, Jacquelyn and Mehta, Sameep and Mojsilovi{\'c}, Aleksandra and others},
  journal={IBM Journal of Research and Development},
  volume={63},
  number={4/5},
  pages={4--1},
  year={2019},
  publisher={IBM}
}






@BOOK{angel2000,
  title = {Interactive Computer Graphics : A Top-Down Approach with OpenGL},
  publisher = {Addison Wesley Longman},
  year = {2000},
  author = {Edward Angel},
  address = {Boston, MA},
  isbn = {0-201-38597-X}
}

@BOOK{angel2001,
  title = {Batch-file Computer Graphics : A Bottom-Up Approach with QuickTime},
  publisher = {Wesley Addison Longman},
  year = {2001},
  author = {Edward Angel},
  address = {Boston, MA},
  isbn = {0-201-38597-X}
}

@BOOK{angel2002a,
  title = {test second book by angel},
  publisher = {Wesley Addison Longman},
  year = {2001},
  author = {Edward Angel},
  address = {Boston, MA},
  isbn = {0-201-38597-X}
}


@ARTICLE{deussen2000,
  author = {Oliver Deussen and Thomas Strothotte},
  title = {Computer-Generated Pen-and-Ink Illustration of Trees},
  journal = {``Proceedings of'' SIGGRAPH 2000},
  year = {2000},
  pages = {13--18},
  address = {New Orleans, Louisiana},
  editor = {Kurt Akeley},
  isbn = {1-58113-208-5},
  publisher = {ACM Press / ACM SIGGRAPH / Addison Wesley Longman},
  series = {Computer Graphics Proceedings, Annual Conference Series}
}

@BOOK{hipr1997,
  title = {Hypermedia Image Processing Reference},
  publisher = {John Wiley \& Sons},
  year = {1997},
  author = {Robert Fisher and Simon Perkins and Ashley Walker and Erik Wolfart},
  address = {New York, NY},
  isbn = {0-471-96243-0}
}

@BOOK{goochandgooch2001,
  title = {{Non-Photorealistic Rendering}},
  publisher = {A K Peters},
  year = {2001},
  author = {Bruce Gooch and Amy Gooch},
  address = {Natick, Massachusetts},
  isbn = {1-56881-133-0}
}

@BOOK{goochandgooch2001a,
  title = {Test second book by gooches},
  publisher = {A K Peters},
  year = {2001},
  author = {Bruce Gooch and Amy Gooch},
  address = {Natick, Massachusetts},
  isbn = {1-56881-133-0}
}


@ARTICLE{hertzmann2000,
  author = {Aaron Hertzmann and Dennis Zorin},
  title = {Illustrating Smooth Surfaces},
  journal = {Proceedings of SIGGRAPH 2000},
  year = {2000},
  volume = {5},
  number = {17},
  pages = {517--526},
  month = {July},
  address = {New Orleans, Louisiana},
  editor = {Kurt Akeley},
  isbn = {1-58113-208-5},
  publisher = {ACM Press / ACM SIGGRAPH / Addison Wesley Longman},
  series = {Computer Graphics Proceedings, Annual Conference Series}
}

@BOOK{jain1989,
  title = {Fundamentals of Digital Image Processing},
  publisher = {Prentice-Hall},
  year = {1989},
  author = {Anil K. Jain},
  address = {Englewood Cliffs, New Jersey},
  isbn = {0-13-336165-9}
}

@INCOLLECTION{Molina1994,
  author = {Molina,  S. T.  and Borkovec,  T. D.},
  title = {The {P}enn {S}tate Worry Questionnaire: Psychometric properties and
	associated characteristics},
  booktitle = {Worrying: Perspectives on theory, assessment and treatment},
  publisher = {Wiley},
  year = {1994},
  editor = {G. C. L. Davey and F. Tallis},
  pages = {265-283},
  address = {New York},
  owner = {salzberg},
  timestamp = {2007.04.18}
}

@PHDTHESIS{noble2002,
  author = {Noble, Samuel G.},
  title = {Turning images into simple line-art},
  school = {Reed College},
  year = {2002},
  type = {Undergraduate thesis},
  date-added = {2007-03-14 10:12:04 -0700},
  date-modified = {2007-03-14 10:30:42 -0700}
}

@MISC{reedweb2007,
  author = {Reed{\ }College},
  title = {LaTeX Your Document},
  month = {March},
  year = {2007},
  date-added = {2007-03-14 10:07:06 -0700},
  date-modified = {2007-03-14 10:09:03 -0700},
  lastchecked = {March 14, 2007},
  url = {http://web.reed.edu/cis/help/LaTeX/index.html}
}

@BOOK{russ1995,
  title = {{The Image Processing Handbook, Second Edition}},
  publisher = {CRC Press},
  year = {1995},
  author = {John C. Russ},
  address = {Boca Raton, Florida},
  isbn = {0-8493-2516-1}
}

@ARTICLE{salisbury1997,
  author = {Michael P. Salisbury and Michael T. Wong and John F. Hughes and David
	H. Salesin},
  title = {Orientable Textures for Image-Based Pen-and-Ink Illustration},
  journal = {``Proceedings of'' SIGGRAPH 97},
  year = {1997},
  pages = {401--406},
  month = {August},
  address = {Los Angeles, California},
  editor = {Turner Whitted},
  isbn = {0-89791-896-7},
  publisher = {Addison Wesley},
  series = {Computer Graphics Proceedings, Annual Conference Series}
}

@BOOK{savitch2001,
  title = {JAVA: An Introduction to Computer Science \& Programming},
  publisher = {Prentice Hall},
  year = {2001},
  author = {Walter Savitch},
  address = {Upper Saddle River, New Jersey},
  isbn = {0-13-031697-0}
}

@MASTERSTHESIS{wong1999,
  author = {Eric Wong},
  title = {{Artistic Rendering of Portrait Photographs}},
  school = {Cornell University},
  year = {1999}
}

